

@book{Pratt_1981,
	doi = {10.1007/978-1-4612-5931-2},
	url = {https://doi.org/10.1007%2F978-1-4612-5931-2},
	year = 1981,
	publisher = {Springer New York},
	author = {John W. Pratt and Jean D. Gibbons},
	title = {Concepts of Nonparametric Theory}
}



@article{Janssen_1999,
	doi = {10.1016/s0378-3758(99)00009-9},
	url = {https://doi.org/10.1016%2Fs0378-3758%2899%2900009-9},
	year = 1999,
	month = {oct},
	publisher = {Elsevier {BV}},
	volume = {81},
	number = {1},
	pages = {71--93},
	author = {Arnold Janssen},
	title = {Testing nonparametric statistical functionals with applications to rank tests},
	journal = {Journal of Statistical Planning and Inference}
}


@article{Mehta_1994,
	doi = {10.2307/2533442},
	url = {https://doi.org/10.2307%2F2533442},
	year = 1994,
	month = {dec},
	publisher = {{JSTOR}},
	volume = {50},
	number = {4},
	pages = {1042},
	author = {Cyrus R. Mehta and Nitin Patel and Pralay Senchaudhuri and Anastasios Tsiatis},
	title = {Exact Permutational Tests for Group Sequential Clinical Trials},
	journal = {Biometrics}
}
@book{lehmann2005testing,
  title={Testing statistical hypotheses},
  author={Lehmann, Erich Leo and Romano, Joseph P and Casella, George},
  volume={3},
  year={2005},
  publisher={Springer}
}


@article{Chung_2013,
	doi = {10.1214/13-aos1090},
	url = {https://doi.org/10.1214%2F13-aos1090},
	year = 2013,
	month = {apr},
	publisher = {Institute of Mathematical Statistics},
	volume = {41},
	number = {2},
	author = {EunYi Chung and Joseph P. Romano},
	title = {Exact and asymptotically robust permutation tests},
	journal = {Ann. Statist.}
}


@article{Romano_1990,
	doi = {10.1080/01621459.1990.10474928},
	url = {https://doi.org/10.1080%2F01621459.1990.10474928},
	year = 1990,
	month = {sep},
	publisher = {Informa {UK} Limited},
	volume = {85},
	number = {411},
	pages = {686--692},
	author = {Joseph P. Romano},
	title = {On the Behavior of Randomization Tests without a Group Invariance Assumption},
	journal = {Journal of the American Statistical Association}
}